1935 3059
622 1057 999 1122 LECTORI
1054 1060 1108 1123 S.

173 1317 221 1358 F.
242 1316 308 1358 W.
325 1316 589 1371 Ullrichium,
613 1317 714 1372 „qui
735 1317 895 1372 primus
915 1318 959 1359 in
981 1317 1231 1373 Thucydide
1252 1331 1402 1373 sapere
1423 1331 1551 1361 ausus
1573 1318 1677 1374 est“,

61 1396 97 1438 si
127 1395 296 1450 quando
326 1396 370 1437 in
409 1394 647 1439 difficiliore
676 1397 892 1451 scriptoris
929 1398 1022 1439 loco
1053 1397 1246 1440 haereret
1286 1397 1524 1453 dubiusque
1554 1403 1676 1454 esset,

62 1473 165 1529 quid
185 1473 359 1517 verbum
380 1474 555 1530 aliquod
575 1479 649 1518 aut
679 1475 807 1518 dictio
828 1476 910 1519 sibi
934 1476 1075 1530 vellet,
1108 1468 1412 1532 saepenumero
1435 1481 1680 1532 querentem

62 1552 301 1596 audivimus
340 1552 559 1608 discipuli,
600 1568 705 1609 opus
744 1568 836 1598 esse
874 1554 1015 1598 indice
1049 1555 1327 1611 Thucydideo
1363 1570 1498 1610 eoque
1536 1558 1680 1599 certis-

60 1633 166 1675 simo
187 1645 237 1675 ac
266 1633 608 1688 locupletissimo,
641 1635 714 1689 qui
735 1648 878 1677 omnes
900 1635 1084 1676 omnium
1104 1635 1326 1677 verborum
1347 1635 1460 1678 locos
1490 1635 1677 1690 referret,

60 1712 292 1766 utilemque
337 1712 543 1767 imprimis
582 1726 632 1755 ac
671 1726 769 1756 vere
809 1714 1092 1757 necessariam
1131 1716 1293 1756 auctori
1336 1727 1507 1769 operam
1545 1729 1676 1757 nava-

60 1794 217 1844 turum,
257 1791 330 1846 qui
369 1792 496 1834 talem
527 1792 711 1834 indicem
749 1791 1051 1835 conficiendum
1091 1794 1335 1848 susciperet.
1395 1793 1542 1836 Indice
1572 1807 1677 1849 opus

62 1883 152 1912 esse
182 1883 267 1911 non
295 1870 447 1912 lexico.
506 1871 616 1913 Nam
647 1872 719 1926 qui
750 1872 836 1914 suis
867 1872 998 1914 oculis
1019 1872 1165 1914 videre
1189 1886 1240 1914 ac
1270 1873 1508 1927 perspicere
1539 1874 1677 1915 locum

61 1949 201 2002 vellet,
234 1949 505 2003 acquiescere
526 1964 609 1992 non
639 1964 761 2005 posse
782 1952 826 1993 in
847 1952 957 1993 alius
979 1951 1182 2005 doctrina,
1215 1965 1325 2007 quae
1346 1951 1538 2006 singulas
1559 1952 1677 1995 verbi

62 2027 242 2070 alicuius
272 2026 603 2081 significationes
634 2044 708 2084 pro
739 2030 911 2073 arbitrio
934 2030 1209 2085 disposuisset
1238 2030 1444 2086 falsisque
1468 2044 1552 2073 non
1582 2045 1677 2074 raro

60 2106 164 2148 locis
203 2106 484 2161 assignasset;
529 2108 585 2150 ad
622 2122 766 2150 veram
811 2110 1027 2164 scriptoris
1070 2110 1321 2152 sententiam
1369 2109 1675 2152 enucleandam

62 2198 204 2228 omnes
244 2198 409 2241 semper
447 2188 735 2242 cuiuscunque
774 2187 892 2230 verbi
931 2188 1045 2230 locos
1084 2189 1128 2230 in
1165 2202 1287 2231 usum
1333 2201 1425 2232 esse
1464 2189 1676 2232 vocandos

61 2265 170 2307 inter
199 2277 329 2319 seque
359 2265 645 2309 conferendos.
704 2266 866 2309 Adesse
906 2266 1075 2321 quidem
1106 2267 1398 2322 Thucydidem
1438 2269 1676 2322 legentibus

62 2344 149 2386 suis
179 2343 327 2399 opibus
357 2345 405 2386 Ε.
427 2345 478 2387 Α.
500 2346 653 2388 Betant
682 2346 929 2400 professoris
960 2346 1222 2389 Genevensis
1252 2348 1431 2401 lexicon,
1464 2361 1601 2402 neque
1632 2362 1676 2391 se

63 2423 247 2478 profecto
278 2437 381 2477 esse,
414 2425 486 2478 qui
516 2425 641 2467 huius
671 2425 751 2466 viri
782 2424 1011 2467 doctissimi
1050 2426 1423 2469 laboriosissimum
1454 2441 1558 2481 opus
1589 2428 1675 2469 suis

62 2501 260 2545 laudibus
289 2502 581 2558 frustraretur,
613 2508 800 2546 attamen
821 2518 959 2558 neque
980 2518 1123 2547 omnes
1144 2506 1357 2548 continere
1388 2506 1501 2548 locos
1523 2520 1672 2561 neque,

62 2581 107 2623 id
138 2581 250 2636 quod
279 2582 484 2637 imprimis
506 2582 744 2638 dolendum,
775 2584 1019 2637 particulas,
1051 2585 1278 2627 tenerrima
1301 2585 1388 2639 illa,
1422 2599 1532 2640 quae
1562 2599 1674 2628 men-

65 2663 149 2703 tem
178 2661 393 2716 scriptoris
423 2661 660 2717 proderent,
692 2663 961 2705 lineamenta.

175 2740 392 2783 Persuasit
420 2741 523 2782 mihi
552 2741 686 2783 fateor
716 2742 780 2783 vir
810 2742 1006 2795 egregius
1035 2741 1191 2783 iudicio
1222 2756 1297 2784 suo
1336 2747 1463 2797 atque
1494 2745 1674 2785 auctori-

64 2820 163 2868 tate,
193 2822 234 2859 et
263 2818 375 2873 quod
404 2819 534 2874 probe
563 2821 810 2875 intellegere
830 2821 931 2862 mihi
953 2820 1140 2874 videbar,
1172 2834 1341 2876 operam
1364 2825 1405 2863 et
1431 2822 1569 2865 oleum
1590 2836 1673 2864 non
